@book {silverman,
AUTHOR = {Silverman, Joseph H.},
TITLE ={The arithmetic of elliptic curves},
SERIES = {Graduate Texts in Mathematics},
VOLUME = {106},
NOTE = {Corrected reprint of the 1986 original},
PUBLISHER = {Springer-Verlag, New York},
YEAR = {1992},
PAGES ={xii+400},
ISBN = {0-387-96203-4},
MRCLASS= {11G05 (14H52)},
MRNUMBER = {1329092},
}

@book {wedhorn,
AUTHOR = {Görtz, Ulrich and Wedhorn, Torsten},
TITLE = {Algebraic geometry {I}},
SERIES = {Advanced Lectures in Mathematics},
NOTE = {Schemes with examples and exercises},
PUBLISHER = {Vieweg + Teubner, Wiesbaden},
YEAR = {2010},
PAGES = {viii+615},
ISBN = {978-3-8348-0676-5},
MRCLASS = {14-01},
MRNUMBER = {2675155},
MRREVIEWER = {Cícero Carvalho},
DOI = {10.1007/978-3-8348-9722-0},
URL = {http://dx.doi.org/10.1007/978-3-8348-9722-0},
}

@book {hartshorne,
AUTHOR = {Hartshorne, Robin},
TITLE = {Algebraic geometry},
NOTE = {Graduate Texts in Mathematics, No. 52},
PUBLISHER = {Springer-Verlag, New York-Heidelberg},
YEAR = {1977},
PAGES = {xvi+496},
ISBN = {0-387-90244-9},
MRCLASS = {14-01},
MRNUMBER = {0463157},
MRREVIEWER = {Robert Speiser},
}